3175 4882
928 625 1048 717 C.
1128 624 1560 719 JULII
1681 622 2412 719 CAESARIS

586 939 597 1145 j
728 924 2658 1071 COMMENTARII

1647 1256 1746 1303 DE

1105 1490 1568 1583 BELLO
1621 1490 2264 1587 GALLICO.

1200 1896 1534 1971 LIBER
1597 1894 2166 1974 SEPTIMUS.

1416 2123 1958 2177 ARGUMENTUM.

925 2252 1189 2318 Bellum
1216 2252 1804 2339 Vercingetorigis.

581 2368 749 2456 Cap.
792 2369 859 2435 1.
908 2366 1091 2435 Nova
1130 2368 1389 2435 consilia
1437 2368 1774 2435 Gallorum
1811 2370 1887 2435 de
1940 2368 2118 2435 bello.
2231 2370 2301 2446 2,
2336 2372 2399 2432 3.
2445 2362 2698 2431 Bellum
2749 2390 2792 2431 a

671 2469 1052 2534 Carnutibus
1092 2480 1449 2554 susceptum.
1536 2479 1602 2552 4,
1633 2481 1696 2538 5.
1745 2471 1856 2536 Ab
1883 2470 2208 2550 Arvernis,
2253 2479 2506 2534 auctore
2538 2465 2793 2536 Vercin-

592 2571 960 2658 ‘'geter-ige.
1048 2571 1113 2636 6.
1160 2569 1589 2636 Periculosum
1617 2573 1736 2634 iter
1735 2547 2009 2636 ⁴’Caesar'
1985 2592 2036 2632 is
2063 2567 2150 2634 ad
2192 2569 2541 2636 exercitum.
2629 2579 2692 2648 7,
2723 2578 2789 2636 8.

667 2671 945 2740 Arverni
980 2671 1272 2754 oppressi.
1376 2677 1443 2740 9.
1492 2667 1818 2756 Gergovia
1861 2669 1944 2734 ab
2009 2667 2504 2760 Vercingetorige
2551 2693 2790 2758 oppug-

664 2779 844 2842 nata.
942 2777 1039 2832 10.
1086 2767 1219 2833 Iter
1264 2765 1528 2833 Coesaris
1572 2768 1662 2833 ad
1687 2768 2032 2855 ferendum
2073 2773 2404 2838 auxilium.
2517 2777 2788 2835 11-13.

673 2865 1233 2951 Vellaunodunum,
1284 2867 1642 2950 Genabum,
1695 2871 2134 2938 Noviodunum
2197 2895 2237 2938 a
2289 2871 2529 2938 Caesare
2565 2883 2788 2958 capta.-

665 2971 787 3035 iter
810 2971 900 3036 ad
927 2972 1295 3038 Avaricum.
1392 2979 1491 3052 14,
1530 2981 1628 3038 15.
1662 2969 2038 3061 Biturigum
2082 2967 2314 3061 oppida
2354 2983 2591 3060 prater
2619 2973 2792 3038 Ava-

670 3074 865 3140 ricum
916 3098 955 3138 a
1018 3073 1231 3139 Gallis
1272 3075 1541 3140 incensa.
1650 3075 1887 3156 16,17.
1938 3075 2168 3162 Inopia
2223 3073 2650 3140 Romanorum
2706 3073 2795 3138 ad

674 3175 1044 3243 Avaricum.
1141 3173 1926 3282 18—-21,Vercmgetor2x
1962 3176 2334 3260 proditionis
2378 3175 2791 3253 insimulatus,

672 3275 1007 3342 absolutus.
1112 3286 1217 3341 22.
1277 3275 1619 3342 Gallorum
1673 3279 1742 3341 in
1797 3275 2172 3364 defendendo
2229 3274 2455 3362 oppido
2497 3275 2796 3339 studium.

577 3391 583 3398 ·
672 3383 780 3442 28.
814 3375 999 3442 Muri
1027 3341 1291 3442 Gallici.
1380 3387 1490 3459 24,
1519 3387 1627 3444 25.
1660 3378 1833 3464 Ager
1854 3376 2229 3443 Romanus
2204 3398 2517 3442 mcensus:
2551 3375 2792 3464 eruptio

678 3477 1012 3545 Gallorum
1059 3502 1350 3566 repressa.
1436 3481 1548 3548 26.
1599 3478 1942 3545 Consilium
1993 3477 2334 3546 Gallorum
2371 3477 2534 3545 clam
2567 3477 2794 3566 profu-

669 3581 885 3670 giendi
911 3604 983 3647 ex
1000 3582 1224 3668 oppido
1255 3583 1520 3649 clamore
1562 3581 1854 3648 muliebri
1871 3581 2253 3668 impeditum.
2341 3589 2450 3661 2¹7,
2479 3589 2588 3646 28.
2623 3581 2796 3645 Ava-

676 3685 873 3766 ricufn
934 3695 1376 3770 expugnatum.
1496 3691 1778 3757 99—31.
1842 3681 2097 3748 Bellum
2163 3683 2244 3748 ab
2301 3679 2798 3770 Vercingetorige

674 3788 1124 3852 continuatum.
1213 3791 1320 3865 82,
1352 3791 1458 3850 33.
1508 3784 1781 3850 Motus
1753 3807 1826 3850 m
1861 3785 2086 3852 AEduis
2115 3809 2156 3850 a
2179 3784 2425 3852 Caesare
2454 3783 2792 3870 compositi.

674 3895 783 3968 34,
815 3891 922 3954 35.
970 3885 1297 3953 Exercitus
1328 3885 1650 3964 Romanus
1679 3901 1853 3952 trans
1897 3885 2226 3954 Elaverem
2255 3887 2559 3973 expositus
2579 3913 2600 3949 .-
2641 3907 2796 3968 pars

676 3989 995 4076 copiarum
1018 3992 1083 4055 in
1118 3989 1381 4056 Senones
1408 4001 1466 4055 et
1501 3987 1788 4056 Parisios
1813 3991 2024 4055 missu.
2114 3991 2220 4054 36.
2271 3987 2496 4051 Castra
2528 3983 2794 4048 Coesaris

681 4089 769 4153 ad
788 4089 1205 4180 Gergoviam.
1293 4099 1573 4162 37-40.
1609 4089 1804 4158 Nova
1827 4092 2020 4157 turbae
2044 4091 2111 4155 in
2141 4088 2391 4168 AEduis,
2435 4084 2794 4152 auctoribus

682 4191 1180 4259 Convictolitane
1219 4203 1287 4257 et
1328 4191 1667 4262 Litavico:
1731 4191 2079 4271 Litavicus‚
2129 4193 2238 4278 qui
2297 4187 2654 4268 subsidium,
2707 4187 2789 4252 ab
