3175 4882
527 218 618 284 24

1133 237 1200 285 C.
1241 235 1302 316 Ιιῐ.
1347 235 1675 288 cAESAms
1730 237 2121 291 COMMENT-

527 375 892 444 Garumnae
939 379 1201 458 flumen,
1233 400 1296 444 -a
1341 381 1572 465 Belgis
1602 380 1934 448 Matrona⁸
1982 388 2049 448 et
2074 383 2409 468 Sequana⁹
2452 387 2711 456 dividit.

530 476 792 541 Horum
823 481 1113 544 omnium
1154 481 1491 547 fortissimi
1519 490 1673 550 sunt
1696 483 2007 568 Belgae,'⁰
2056 491 2407 570 propterea
2456 489 2636 572 quod
2674 511 2723 554 a

529 578 760 642 cultu¹¹
807 585 1005 663 atque
1059 582 1458 650 humanitate
1523 585 1957 660 Provinciae¹²
2026 587 2402 670 longissime
2460 592 2718 669 absunt,

526 680 918 764 minimeque
965 681 1052 745 ad
1096 703 1212 748 eos
1267 693 1661 750 mercatores
1711 705 1897 769 saepe
1954 695 2321 753 commeant
2368 697 2567 773 atque
2610 711 2718 769 ea,

531 799 683 866 quae
713 782 801 846 ad
829 783 1324 850 effoemina'ndos
1351 781 1661 851 animos*³
1690 789 2032 868 pertinent,
2059 792 2449 872 important:
2494 793 2721 874 proxi-

527 881 756 963 mique
784 889 934 946 sunt
961 881 1390 963 Germanis-,¹⁴

1434 887 1547 970 qui
1590 893 1769 951 trans
1816 885 2168 955 Rhenum¹⁵
2216 891 2531 969 incolunt,
2578 892 2723 974 qui-

1529 1085 1739 1136 NOTAE

530 1219 650 1269 gem
686 1207 826 1258 inter
860 1224 916 1261 se
953 1225 1270 1263 communem
1300 1213 1587 1278 habuerint,

529 1280 623 1330 sed
647 1275 782 1346 quod
804 1285 1026 1350 aliquam
1059 1297 1261 1352 partem
1284 1291 1473 1354 legum,
1495 1297 1586 1338 aut

528 1358 704 1422 aliqua
725 1359 979 1424 instituta,
1004 1371 1094 1414 aut
1119 1365 1314 1429 aliquas
1337 1367 1478 1430 leges
1498 1367 1584 1416 lia·

530 1431 737 1486 buerint
791 1439 1104 1503 singularum
1159 1442 1424 1492 civitatum
1481 1458 1585 1495 non

529 1512 754 1562 omnium
795 1530 1109 1581 communes,
1151 1526 1210 1569 ut
1248 1520 1408 1570 etiam
1450 1536 1586 1573 nuuc

532 1588 672 1652 apud
733 1589 912 1640 Gallos
967 1599 1022 1642 et
1075 1594 1350 1646 Helvetios
1412 1596 1587 1646 videre

531 1672 630 1717 est.

593 1747 627 1792 ’1
663 1713 936 1811 Gar-imma]-
993 1749 1206 1798 fluvius
1250 1763 1280 1798 e
1319 1747 1586 1812 Pyrenaeis

527 1821 788 1870 montibus
857 1825 1120 1887 delapsus,
1174 1838 1378 1874 cursum
1431 1824 1589 1874 habet

529 1906 651 1944 cmx.
675 1894 954 1959 leucarum,
986 1899 1326 1962 ''lolosamque
1362 1906 1419 1950 et
1454 1900 1601 1949 Bur-.

1565 2014 1572 2026 ,
1666 1985 1769 2020 non
1810 1973 1985 2036 armis,
2026 1979 2151 2023 tunc
2194 1979 2252 2023 et
2305 1974 2463 2024 vitem
2518 1980 2726 2038 putare,

529 1969 766 2035 degalam
786 1973 949 2023 alluit.

595 2053 628 2098 8
661 2049 909 2114 Matrona]
971 2053 1180 2103 Fluvius
1215 2053 1268 2102 in
1299 2053 1585 2118 Lingonum

529 2120 715 2174 finibus
736 2132 898 2189 ortus,
915 2129 1208 2193 Sequanam
1242 2128 1409 2180 influit
1445 2130 1585 2194 apud

531 2197 885 2251 Confluentem
924 2205 1076 2267 paulo
1111 2219 1270 2268 supra
1305 2207 1584 2257 Lutetiam.

528 2275 663 2327 Haec
684 2293 840 2341 porro
861 2279 1040 2328 divisio
1057 2295 1158 2329 non
1177 2288 1257 2331 est
1277 2297 1438 2346 usque
1455 2282 1585 2331 adeo

527 2359 792 2415 accurata,
835 2355 958 2417 quin
1003 2355 1142 2404 ultra
1193 2358 1426 2423 citraque
1467 2358 1587 2408 illos

528 2425 732 2491 fluvios,
751 2429 924 2494 aliqua
943 2431 1121 2482 horum
1143 2435 1448 2498 populorum
1466 2450 1584 2499 pars

531 2506 845 2555 constiterit.
914 2507 1070 2570 Cujus
1092 2509 1166 2558 rei
1187 2516 1492 2573 argumento
1507 2518 1589 2561 est

533 2579 669 2646 quod
705 2580 756 2629 in
796 2581 1087 2645 Rotomagi,
1118 2584 1359 2647 Lutetiae,
1391 2586 1591 2636 Melda-

533 2662 747 2721 rumque
785 2657 971 2708 finibus
1010 2674 1126 2709 esse
1164 2656 1586 2726 deprehenditur,

533 2748 746 2797 quorum
769 2734 1076 2797 oppidorum
1099 2736 1238 2789 cives
1260 2739 1424 2789 Celtae
1449 2747 1587 2790 sunt.

595 2813 629 2857 9
659 2807 897 2873 Sequana]
941 2810 1006 2860 In
1027 2812 1450 2877 Burgundionum
1473 2815 1587 2865 fini-

531 2884 628 2935 bus
673 2884 925 2949 nascitur,
959 2888 1323 2956 Lutetiamque
1363 2892 1587 2943 Parisio-

530 2974 642 3011 rum
687 2962 844 3013 totius
890 2964 1076 3015 Galliae
1119 2976 1275 3029 capnt
1317 2967 1587 3021 interfluit.

530 3037 697 3087 Porro
735 3055 766 3087 a
799 3040 1066 3089 Garumna
1085 3042 1148 3089 ad
1175 3042 1482 3093 Rhodanum
1504 3060 1587 3095 us-

531 3126 630 3177 que
654 3112 914 3163 Celtarum
937 3114 1202 3177 regionem
1221 3113 1436 3166 finiebat
1459 3119 1587 3171 Pro·

532 3188 705 3239 vincia
726 3190 928 3239 Gallica
955 3204 1045 3239 seu
1071 3190 1454 3253 Narbonemis3
1503 3208 1590 3243 cu-

520 3264 606 3328 jus
642 3262 788 3325 fines,
827 3265 946 3327 quia
983 3267 1095 3313 noti
1135 3266 1381 3316 Romanis
1417 3274 1589 3329 erant,

531 3340 620 3405 qui
640 3339 778 3389 illam
804 3340 1119 3403 jampridem
1150 3340 1501 3406 possidebant,
1521 3342 1589 3391 ab

526 3416 641 3480 ipso
662 3430 761 3465 uon
782 3416 1162 3468 describuntur.

597 3499 659 3543 1⁰
708 3493 897 3543 Honori
936 3495 1143 3545 omnium
1180 3494 1442 3555 ferimini
1469 3500 1584 3545 suat

529 3570 726 3634 Belga]
790 3572 874 3621 Ad
917 3572 1137 3623 animam
1178 3572 1406 3623 refertur
1446 3572 1587 3623 forti-

531 3646 678 3708 tudo,
717 3648 784 3697 ad
823 3664 1025 3713 corpus
1042 3649 1181 3699 vires
1219 3656 1276 3700 et
1309 3649 1482 3713 robur,
1518 3650 1586 3700 ad

532 3722 753 3774 inanima
771 3723 884 3775 sere
900 3724 1133 3776 firmitas.
1181 3725 1264 3776 Ad
1281 3726 1414 3775 bane
1433 3740 1589 3790 porro

534 3800 754 3850 Coesaris
789 3802 1098 3851 sententiam
1135 3802 1342 3853 accedit
1371 3803 1589 3853 Tacitus

529 3876 736 3928 llb.1v.
771 3879 786 3907 ‘
813 3879 1069 3945 Quicquid
1087 3880 1287 3931 roboris
1308 3880 1445 3945 apud
1467 3878 1591 3930 Gal·

533 3952 610 4001 los
633 3954 721 4015 sit,
738 3956 930 4019 Belgas
952 3955 1103 4007 esse?

597 4031 656 4075 11
699 4030 953 4091 Propterea
971 4033 1094 4096 qnod
1123 4047 1156 4083 a
1185 4030 1336 4096 caua]
1399 4030 1584 4083 Cultus

531 4101 597 4154 ad
639 4105 867 4167 corporis
903 4113 1158 4175 ornamini,
1199 4107 1482 4165 humanitas
1521 4108 1589 4160 ad

1666 1213 1889 1264 animum
1910 1212 2021 1264 fere
2044 1213 2285 1266 refertur.

1733 1293 1794 1337 12
1828 1289 2118 1353 Provincia]
2186 1289 2515 1342 Provinciam
2536 1289 2725 1341 Galliae

1666 1363 2016 1415 Narbonensis
2053 1367 2311 1430 intelligit,
2350 1367 2497 1430 enjus
2534 1381 2720 1418 nomen

1664 1443 1831 1494 adhuc
1866 1446 2059 1496 retinet
2092 1445 2263 1510 aliqua
2297 1459 2433 1510 pars,
2467 1447 2723 1496 Prome.

1669 1521 1835 1570 Porro
1856 1535 1979 1570 vere
2016 1521 2147 1571 dicit
2179 1523 2374 1572 cultum
2408 1527 2465 1570 et
2501 1521 2727 1574 bomani-

1668 1596 1829 1646 thtem
1867 1611 1900 1644 a
1933 1597 2209 1646 Provincia
2238 1599 2291 1646 in
2328 1597 2545 1646 Gsuism
2568 1595 2727 1646 foisse

1666 1670 1937 1720 invectam.
2035 1669 2170 1719 Nam
2230 1685 2261 1721 a
2314 1671 2727 1721 Massiliensibus

1669 1744 1807 1792 Galli
1827 1749 1883 1792 et
1904 1758 2046 1793 usum
2070 1745 2193 1796 vitae
2215 1746 2469 1808 cultioris,
2486 1746 2728 1810 deposita

1662 1819 1919 1880 barbaria,
1952 1826 2008 1870 et
2046 1821 2199 1871 urbes
2232 1823 2481 1874 moenibus
2514 1822 2728 1887 cingere

1667 1893 1979 1945 didicerunt.
2060 1897 2209 1948 Tunc
2233 1904 2290 1946 et
2308 1898 2511 1962 legibus
2533 1897 2727 1959 vivere,

1669 2053 1791 2096 tunc
1812 2047 1997 2098 olivam
2016 2063 2189 2099 serere
2208 2056 2605 2099 consueverunt.

1736 2127 1795 2172 18
1828 2124 1985 2186 Atque
2016 2139 2091 2186 ea,
2134 2139 2236 2187 quoe
2272 2125 2335 2172 ad
2376 2122 2729 2186 effa-minando·

1667 2199 1867 2260 anim]
1901 2199 2029 2249 Cum
2050 2199 2214 2248 multa
2234 2203 2344 2247 tum
2368 2197 2633 2261 pmcipue
2654 2198 2731 2260 yi-

1668 2288 1787 2322 unm
1832 2273 2095 2337 intelligit,
2140 2288 2241 2338 qno
2284 2273 2465 2324 scribit
2510 2273 2601 2324 lib.
2644 2287 2725 2326 xv.

1665 2347 1845 2406 borum
1899 2347 2186 2398 Comment.
2236 2349 2430 2400 Suevos
2484 2349 2727 2400 arliitrari

1664 2425 1732 2475 ad
1771 2423 1999 2475 laborem
2040 2423 2313 2477 ferendum
2361 2427 2723 2478 remollescere

1664 2504 1895 2554 homines
1918 2512 2073 2569 atque
2098 2503 2417 2556 effoeminari.
2462 2506 2727 2556 Diodorus

1669 2594 1790 2629 vero
1814 2596 2008 2645 suppar
2029 2587 2189 2631 aetate
2210 2581 2429 2645 Caesari,
2451 2576 2617 2646 negat‘
2630 2596 2727 2631 sua

1667 2662 1980 2719 tempestate
2020 2658 2167 2707 nasci
2208 2657 2481 2723 quicquam
2519 2656 2625 2707 vini
2666 2657 2723 2707 in

1666 2730 1855 2793 Gallia,
1885 2731 1980 2781 sed
2012 2732 2190 2783 Gallos
2226 2746 2383 2796 supra
2416 2730 2619 2781 modum
2658 2746 2723 2782 eo

1666 2805 1973 2872 delectatos,
1994 2807 2134 2872 quod
2166 2822 2199 2857 a
2230 2807 2601 2859 mercatoribus
2622 2821 2727 2857 me·

1666 2897 1779 2933 rum
1816 2882 2071 2947 bibentes,
2106 2884 2162 2933 in
2195 2897 2427 2935 somnum
2467 2888 2559 2933 aut
2592 2883 2731 2933 insa.-

1665 2957 1801 3007 niam
1820 2958 2069 3033 incidere.

1731 3039 1795 3085 14
1828 3035 2051 3085 Proximi
2079 3041 2189 3085 aaut
2222 3034 2501 3096 Gom}
2557 3034 2661 3088 Qui
2692 3048 2726 3085 n

1670 3112 1915 3162 Romanis
1942 3112 2189 3162 Germani
2223 3112 2350 3161 dicti
2370 3117 2510 3171 sunt,
2526 3112 2578 3159 hi
2603 3112 2725 3161 olim

1668 3188 1925 3235 Teutones
1950 3194 2005 3235 et
2025 3187 2191 3236 adbuc
2224 3200 2317 3235 sua
2346 3186 2525 3249 lingua
2546 3200 2727 3236 vocan-

1670 3266 1772 3311 tur.
1837 3261 1924 3311 Sic
1943 3260 2078 3311 forte
2099 3276 2132 3311 a
2148 3262 2393 3311 Romanis
2416 3261 2565 3325 dicti,
2586 3264 2723 3328 quod

1670 3337 1859 3388 mutuis
1879 3337 2079 3387 auxiliis
2114 3351 2172 3387 se
2198 3338 2459 3402 juvarent,
2498 3346 2555 3389 et
2592 3353 2727 3389 ‹rom›

1664 3414 1804 3463 muni
1856 3414 2077 3480 quodam
2128 3413 2325 3467 soedere
2378 3422 2549 3468 essent
2602 3431 2723 3467 eon-

1656 3488 1847 3553 juncti.

1730 3570 1791 3617 15
1830 3566 1983 3617 stans
1997 3568 2235 3633 Rhenum]
2293 3570 2381 3620 De
2404 3584 2509 3635 quo
2528 3570 2605 3621 sic
2626 3570 2727 3621 Ta·

1664 3643 1831 3695 citus:
1886 3646 2133 3695 ‘Rhenus
2156 3646 2491 3697 Rhetiearum
2514 3646 2725 3711 Alpium

1668 3721 1935 3773 inaccesso
1970 3736 2031 3771 ac
2065 3721 2323 3789 precipiti
2343 3724 2537 3774 vertice
2560 3726 2723 3780 ortus,

1670 3798 1871 3849 modico
1892 3796 2031 3847 flexu
2050 3798 2373 3849 occidentem
2390 3810 2584 3859 ‚versus
2606 3808 2723 3857 sep·

1670 3875 1967 3927 tentrionali
2004 3874 2215 3927 Oceano
2248 3869 2527 3927 miscetur?
2592 3867 2723 3931 Ejus

1668 3964 1849 4001 cursus
1880 3957 1937 4001 et
1967 3950 2111 4016 origo
2132 3965 2165 4000 a
2184 3948 2389 4000 omme
2410 3945 2505 3995 lib.
2526 3958 2601 3997 xv.
2632 3946 2723 3995 hm

1667 4042 1780 4079 rum
1800 4027 2293 4081 Commentariorum
2324 4020 2437 4072 fuse
2474 4020 2727 4073 describi-

1668 4113 1771 4159 tur·
