3175 4882
1310 286 1726 341 turario.
2567 276 2614 339 '7

414 436 515 503 sic
556 432 801 505 inme
840 431 1047 500 habet
1082 429 1317 500 eadem
1362 430 1630 499 rubrica
1667 432 2026 519 scriptum,
2055 426 2330 501 ‘Julius
2373 434 2630 507 Celsus-

414 534 886 606 Constantinus
937 530 1091 597 VC.
1148 531 1281 616 legi
1334 530 1854 601 Commentarios
1925 534 2016 601 G.
2071 534 2121 601 J
2121 534 2238 601 ulii
2312 535 2612 607 cesaris

413 638 569 711 belli
615 635 867 703 Gallici
908 634 1025 701 lib.
1074 651 1210 701 vu.
1250 634 1505 721 explic.
1568 633 1849 703 Abhinc.
1875 636 2082 703 Hirtii
2115 636 2360 705 Pansae
2403 633 2608 727 incip.

414 738 749 810 Praesaeio
792 735 987 805 libri?
1070 734 1161 805 Et
1199 743 1356 823 post
1396 738 1636 805 librum
1672 754 1842 824 vm.
1882 739 2117 805 iisdem
2158 740 2372 806 rubris
2410 742 2616 809 literis

412 842 732 927 seiiptmu
783 839 1041 923 legitur,
1102 837 1375 907 ‘Julius
1446 838 1686 919 Celsus
1725 835 2211 909 'Constantinus
2265 840 2416 908 VC.
2475 842 2614 927 legi

414 948 669 1016 tautum
721 942 1015 1010 feliciter.
1128 940 1220 1009 G.
1273 941 1441 1009 Julii
1495 942 1858 1009 Pontificis.
1893 944 2168 1011 maxfini
2223 942 2612 1029 prmuuis

414 1065 631 1111 rerum
678 1052 1009 1129 gestarum
1047 1046 1207 1111 belli
1262 1042 1511 1113 Gallici
1552 1045 1724 1113 liber
1767 1061 1936 1113 vm.
1975 1046 2256 1131 explicit
2293 1042 2614 1115 flaheim:

418 1144 575 1213 MS.
608 1144 825 1212 codex
850 1144 1167 1213 Tbuanus
1212 1144 1313 1211 sic
1358 1146 1561 1213 habet
1595 1147 1666 1211 in
1709 1148 2001 1231 margine
2036 1148 2190 1213 libri
2215 1164 2296 1214 11.
2342 1147 2428 1213 de
2471 1148 2615 1215 bel·

414 1247 487 1314 lo
528 1246 817 1326 Gallico,
858 1246 927 1311 in
968 1246 1320 1332 principio,
1365 1251 1387 1281 ‘
1415 1247 1642 1313 Julius
1677 1247 1915 1315 Celsus
1959 1247 2428 1315 Constantinus
2452 1248 2610 1317 VC.

414 1350 551 1433 legi
576 1348 727 1415 Gaii
765 1347 1058 1415 Caesaris
1085 1342 1609 1417 Commentarios
1650 1350 1926 1417 feliciter
1940 1352 1981 1435 ς’
2019 1354 2090 1417 in
2131 1350 2424 1436 margine
2451 1372 2614 1419 vero

414 1450 567 1519 libri
614 1468 731 1517 111.
784 1450 869 1516 de
912 1449 1093 1515 bello
1142 1449 1407 1517 Gallico
1450 1451 1550 1515 sic
1599 1456 1704 1516 est
1745 1451 2082 1536 scriptum,
2141 1453 2214 1517 in
2261 1452 2613 1539 principio,

416 1556 441 1587 ‘
466 1549 691 1618 Julius
735 1550 969 1617 Celsus
1016 1549 1485 1617 Constantinus
1534 1548 1688 1617 VC.
1733 1551 1890 1633 legi.
1995 1550 2268 1617 Flavius
2315 1552 2616 1621 Ia‘cerius

418 1654 749 1725 Firminus
777 1653 1139 1738 Lupicinus
1164 1652 1299 1735 legi
1334 1652 1489 1718 libri
1523 1652 1684 1717 belli
1713 1650 1960 1717 Gallici
1993 1652 2161 1719 liber
2187 1668 2271 1720 11.
2311 1655 2614 1739 explicit,

416 1756 652 1841 incipit
673 1756 840 1821 liber
870 1752 1004 1821 ιιι.’
1090 1754 1229 1819 His
1266 1759 1337 1819 et
1378 1754 1625 1819 talibus
1671 1754 1884 1819 titulis
1929 1754 2044 1839 qui
2091 1754 2346 1839 passim
2385 1761 2618 1822 extant

418 1856 489 1922 in
536 1854 865 1923 Msscc.
903 1852 980 1919 in
1024 1854 1298 1921 dubium
1332 1860 1399 1921 et
1440 1856 1511 1921 in
1560 1875 1848 1921 errorem
1895 1856 2092 1921 simul
2135 1857 2418 1942 conjecti
2460 1863 2618 1925 sunt

421 1957 818 2043 quicunque
846 1956 929 2021 de
953 1955 1189 2021 horum
1212 1954 1528 2021 librorum
1552 1954 1849 2022 Auctore
1876 1956 2277 2043 dubitarunt,
2319 1963 2389 2022 et
2415 1956 2616 2025 Celso

422 2078 625 2145 quam
652 2056 909 2123 Coesari
952 2056 1333 2142 adjudicare
1371 2058 1773 2140 maluerunt3
1816 2077 1970 2123 cum
1999 2064 2220 2123 tamen
2243 2078 2380 2125 non
2405 2046 2618 2143 magis

418 2178 571 2225 esse
624 2158 807 2225 Celsi
857 2176 1058 2244 quam
1113 2157 1295 2223 illius
1361 2156 1582 2223 Flavii
1637 2156 1886 2222 Licerii
1951 2157 2224 2222 Firmini
2284 2158 2619 2241 Lapicini,

421 2261 721 2348 quisquis
788 2258 903 2325 ille
970 2257 1190 2337 fuerit,
1251 2257 1557 2344 judicare
1625 2256 2028 2323 debuissent.
2157 2255 2412 2323 Eodem
2479 2259 2620 2325 fato

423 2364 771 2429 damnatus
816 2366 920 2426 est
960 2360 1225 2444 elegans
1271 2359 1389 2427 ille
1442 2358 1610 2425 liber
1649 2356 1948 2425 Cornelii
1997 2356 2290 2444 Nepotis
2342 2358 2428 2423 de
2465 2362 2622 2427 -vita

422 2464 881 2558 excellentium
907 2461 1409 2548 Imperatorum,
1456 2460 1572 2545 qui
1624 2461 1902 2526 AEmilio
1953 2460 2180 2546 Probo
2223 2460 2622 2547 exscriptori

417 2565 643 2651 potius
709 2583 910 2651 quam
972 2561 1251 2630 Auctor-i
1308 2563 1397 2627 ab
1450 2562 1778 2646 imperitis
1851 2563 2180 2647 ascriptus
2214 2549 2387 2646 'est3
2459 2583 2614 2630 cum

422 2665 684 2734 Probus
730 2663 1095 2732 Theodosii
1143 2669 1363 2744 aetate,
1428 2683 1565 2748 qua
1615 2664 1798 2728 bona
1851 2663 2174 2729 latinitas
2216 2666 2618 2746 exoleverat,

421 2766 772 2835 Cornelius
818 2766 1058 2852 Nepos
1108 2765 1448 2832 Ciceronis
1498 2769 1696 2830 aetate
1721 2764 1982 2829 vixerit.
2079 2764 2194 2829 Ita
2235 2765 2459 2831 Probo
2500 2787 2620 2833 eo-

422 2889 649 2937 oevum
686 2869 861 2932 bunc
905 2867 1158 2933 Julium
1202 2865 1475 2932 Celsum
1500 2864 2026 2974 Constantinum,
2072 2866 2188 2948 qui
2231 2867 2300 2929 in
2334 2866 2624 2949 quodam

128 2971 135 2979 '
272 3029 281 3036 ,
424 2969 663 3033 Levini
715 2951 1049 3031 'I'orrentii
1106 2965 1319 3032 Msc.
1372 2941 2134 3049 Constantimlpolitanus
2187 2984 2336 3030 esse
2391 2966 2624 3032 scribi-

422 3075 551 3147 tur,
620 3067 833 3134 fuisse
890 3065 1130 3149 credo;
1200 3071 1267 3132 et
1341 3064 1663 3151 ejusmodi
1738 3066 2255 3130 clarissimorum
2310 3064 2624 3130 Virorum

420 3169 725 3236 lectionis
775 3168 1221 3235 testimonium
1266 3167 1453 3233 libris
1516 3167 1762 3232 ascribi
1805 3166 2096 3246 solitum,
2147 3171 2223 3231 ut
2274 3165 2442 3230 fides
2485 3167 2623 3231 lec-

425 3272 679 3339 toribus
722 3270 928 3350 fieret,
991 3289 1121 3336 uon
1184 3269 1572 3336 mendosum
1617 3287 1769 3334 esse
1815 3269 2116 3334 codicem
2165 3268 2285 3353 qui
2349 3287 2396 3333 a
2435 3271 2624 3334 tanto

424 3373 569 3438 viro
626 3371 858 3436 fuisset
910 3370 1261 3454 perlectus.
1371 3369 1576 3474 Quod
1629 3369 1780 3436 ideo
1836 3369 2062 3450 fiebat,
2124 3371 2284 3454 quia
2339 3368 2626 3434 Librarii

426 3473 639 3555 ignari
690 3476 901 3549 erant,
960 3476 1030 3536 et
1083 3473 1243 3555 quia
1291 3466 1525 3554 ignari,
1591 3470 1741 3536 ideo
1787 3471 2090 3536 mendosi
2131 3471 2441 3554 nullaque
2493 3467 2624 3534 fide

427 3571 631 3654 digni,
672 3589 952 3655 quorum
988 3573 1331 3655 scriptioni
1370 3571 1501 3636 nisi
1541 3573 1760 3654 magni
1799 3578 1869 3635 et
1909 3571 2088 3636 docti
2138 3571 2259 3636 viri
2314 3576 2626 3653 tanquam

428 3671 803 3738 tabellionis
860 3671 1077 3737 officio
1146 3671 1356 3736 functi
1412 3673 1808 3736 accessisset
1863 3672 2241 3749 auctoritaS,
2309 3669 2487 3734 nullo
2555 3669 2628 3734 in

426 3774 641 3858 pretio
682 3771 809 3836 fuit
851 3771 1065 3835 codex
1106 3770 1379 3836 futurus.
1468 3771 1581 3836 lta
1627 3773 1958 3856 superiore
2003 3773 2277 3850 saeculo,
2323 3790 2477 3835 cum
2530 3771 2626 3835 in-

427 3879 628 3952 venta
698 3871 937 3940 fuisset
1004 3891 1113 3938 ars
1193 3869 1731 3956 Typographica‚
1803 3871 2204 3936 doctissimis
2273 3871 2433 3936 viris
2502 3871 2630 3961 fuit

432 3972 815 4054 commissa,
876 3978 955 4039 ut
1004 3971 1275 4038 Judoco
1331 3971 1548 4039 Badio
1609 3972 1961 4053 Ascendo,
2028 3971 2378 4057 Stephanis
2433 3977 2628 4060 atque
