3175 4882
920 823 1043 914 C.
1126 825 1556 918 JULII
1629 821 2332 917 CAESARIS

654 1133 2631 1360 COMMENTARII

1184 1659 1541 1736 BELLO
1582 1660 2084 1737 GALLICO.

1178 2149 1511 2228 LIBER
1550 2151 2080 2240 QUARTUS.

1355 2390 1892 2469 ARGUMENTUM.

877 2518 937 2584 I.
982 2520 1238 2597 Bellum
1270 2519 1641 2609 Usipeth
1651 2526 1719 2585 et
1744 2518 2322 2586 Tenchtherorum.

536 2632 705 2717 Cap.
735 2634 927 2725 1—3.
981 2632 1300 2700 Transitus
1332 2633 1647 2719 Usipetum
1675 2646 1734 2699 et
1767 2632 2278 2723 Tenchtherorum
2308 2637 2373 2701 in
2407 2632 2726 2701 Galliam.-

621 2754 815 2800 mores
845 2732 1206 2802 Suevorum.
1290 2740 1358 2804 4.
1408 2734 1698 2823 Menapii
1729 2735 2013 2823 oppressi.
2100 2740 2166 2816 5,
2196 2740 2261 2805 6.
2313 2734 2561 2802 Bellum
2590 2758 2728 2801 con-

624 2844 725 2901 tra
760 2834 1101 2903 Germanos
1128 2861 1167 2903 a
1202 2836 1440 2904 Caesare
1484 2849 1841 2924 susceptum.
1927 2840 2124 2905 '7—9.
2173 2834 2439 2925 Legatio
2470 2834 2733 2903 Germa-

622 2960 837 3003 norum
882 2938 970 3003 ad
988 3004 991 3009 ,
1016 2939 1383 3031 Οωεανειης
1429 2942 1537 3009 10.
1589 2939 1782 3007 Mam
1812 2952 1870 3007 et
1905 2938 2117 3007 Rheni
2143 2939 2491 3027 descriptio.
2561 2943 2736 3008 11-

622 3041 728 3105 15.
775 3038 1059 3127 Perfidia
1092 3038 1583 3108 Germanorum:
1633 3042 1867 3109 clades.-
1891 3043 2093 3131 suga.

882 3178 983 3244 II.
1026 3180 1371 3247 Transitus
1398 3181 1694 3247 Caesaris
1723 3185 1794 3246 in
1823 3182 2271 3247 Germaniam.

540 3293 707 3380 Cap.
736 3298 845 3377 16,
867 3298 975 3360 17.
1026 3292 1200 3371 Pons
1228 3296 1295 3361 in
1321 3296 1542 3364 Rheno
1568 3307 1819 3362 stratus.
1905 3296 2014 3375 18,
2045 3296 2152 3362 19.
2185 3292 2508 3359 Adventus
2535 3293 2738 3361 Caesa·

623 3394 711 3457 ris
734 3394 801 3457 in
832 3392 1221 3481 Sigambris:
1270 3409 1540 3482 receptus
1570 3396 1638 3461 in
1669 3394 1979 3463 Galliam.

876 3538 1018 3605 111.
1060 3538 1730 3627 TrajectusCaesan-is
1759 3536 1827 3603 in
1857 3538 2291 3605 Britanniam.

542 3657 707 3743 Cap.
735 3657 847 3737 20,
876 3658 984 3723 21.
1036 3654 1379 3721 Consilium
1424 3654 1687 3721 Caesaris
1728 3654 2148 3741 proficiscendi
2177 3656 2258 3743 ‘in
2305 3654 2740 3723 Britanniam.

631 3756 709 3824 C.
747 3754 1081 3823 Volusenus
1110 3757 1197 3821 ad
1221 3757 1694 3845 cognoscendum
1719 3758 2085 3844 praemissus.
2175 3760 2456 3825 22—27.
2499 3757 2743 3825 Morini

612 3859 873 3942 pacati:
918 3862 1205 3947 trajectus
1252 3859 1319 3923 in
1370 3848 1675 3925 insulam.-
1710 3860 1888 3947 suga
1945 3856 2443 3924 Britannorum.-
2483 3858 2736 3923 deditio.

624 3960 736 4040 28,
764 3962 873 4027 29.
924 3961 1151 4027 Classis
1204 3958 1496 4027 Romana
1537 3972 1886 4048 tempestate
1935 3960 2192 4047 afflicta.
2275 3962 2553 4027 30—36.
2601 3954 2738 4022 De-

608 4058 811 4141 jectio
846 4062 1297 4130 Britannorum
1322 4088 1341 4125 .·
1378 4086 1596 4153 pugna
1643 4087 1717 4131 ex
1767 4064 1978 4133 essedis
1997 4090 2018 4127 .-
2063 4064 2219 4130 ultio
2258 4062 2333 4128 de
2373 4058 2740 4126 Britannis:

630 4154 863 4220 reditus
898 4158 1159 4229 Caesaris
1187 4165 1253 4229 in
1288 4162 1597 4235 Gallium.
