3175 4882
525 277 572 342 6
1441 291 1853 344 numu-rio.

527 445 603 506 et
621 437 909 524 amplius
953 445 1162 506 annos
1207 440 1542 522 vivebant,
1585 461 1831 528 nempe
1870 441 2155 510 Ioannis
2198 441 2724 525 Salisbeiiensis,

527 540 866 606 vincentii
912 543 1200 607 auctoris
1239 544 1516 628 speculi,
1565 544 1883 632 Boderici
1928 545 2183 612 Sanctii
2222 551 2291 611 et
2336 543 2733 630 Margarita.

528 641 875 728 cujusdam
902 641 1228 726 Poeticae,
1269 665 1422 730 quse
1449 647 1716 730 farrago
1742 654 1847 713 est
1872 649 2338 714 sententiarum
2364 667 2455 712 ex
2482 645 2736 712 Poetis

527 742 813 828 aliisque
841 744 1290 827 collectarum,
1335 767 1381 812 a
1409 750 1652 832 quibus
1680 749 1989 833 quaedam
2016 749 2101 814 de
2128 748 2399 816 Caesare
2434 749 2737 814 reserari--

525 849 628 910 tur
664 850 979 928 tanquam
1022 846 1069 911 J
1069 847 1192 912 ulii
1241 847 1422 913 Celsi
1459 849 1770 915 auctoris.
1856 849 2109 915 Verum
2143 849 2315 916 hunc
2342 849 2723 933 scrupulum

526 945 760 1011 eximit
787 944 1124 1012 Gerardus
1167 948 1464 1014 Ioannes
1491 947 1804 1027 Vossius,
1841 951 1958 1034 qui
1988 948 2170 1016 Celsi
2202 949 2723 1016 Commentario·

527 1045 606 1120 δὶς
641 1048 733 1110 διὰ
769 1053 968 1112 πασῶν
1009 1049 1266 1116 differre
1309 1071 1356 1116 a
1407 1049 1913 1117 Commentariis
1959 1050 2249 1118 Caesaris
2298 1051 2543 1136 prodit,
2594 1056 2617 1086 ‘
2646 1057 2723 1116 ut

523 1148 790 1229 sciunt,’
839 1150 1075 1235 inquit,
1120 1155 1142 1186 ⁶
1171 1152 1232 1217 si
1276 1153 1392 1237 qui
1427 1173 1580 1220 cum
1608 1151 1883 1220 Caesare
1926 1154 2320 1220 contulerint
2364 1153 2720 1220 editionem

528 1249 710 1318 Celsi
747 1253 904 1318 anni
947 1254 1579 1321 e1occccnxxru.’
1642 1255 1835 1340 cujus
1878 1257 2126 1322 nullam
2168 1275 2216 1320 a
2256 1255 2557 1320 Gesnero
2602 1258 2723 1348 aut

527 1347 808 1419 simlero
857 1356 1252 1420 mentionem
1313 1355 1566 1422 fuctum
1613 1358 1907 1436 miratur,
1962 1356 2159 1442 cujus
2209 1361 2277 1422 et
2328 1353 2727 1443 particulam-

519 1471 678 1520 ·esse
732 1455 968 1520 scribit
1014 1454 1450 1540 fragmenmm
1495 1459 1663 1524 illud
1718 1457 2177 1538 Petavianum,
2231 1478 2278 1523 a
2324 1455 2728 1542 quibusdam
2853 1508 2859 1514 .

527 1555 904 1624 Petrarchae
961 1557 1374 1642 assignatum
1443 1558 1528 1624 de
1583 1560 1762 1625 bello
1825 1560 2284 1643 Hispaniensi,
2358 1556 2541 1642 quod
2596 1575 2723 1622 nos

523 1657 596 1720 in
649 1655 780 1723 hac
837 1656 1122 1723 editione
1177 1659 1348 1724 libro
1391 1656 1479 1722 de
1541 1659 1724 1724 bello
1792 1659 2231 1742 Hispaniensi
2282 1655 2719 1722 subdidimus.

524 1756 771 1824 Addit:
829 1762 852 1793 ‘
880 1757 1152 1827 Interim
1219 1759 1498 1828 fatemur
1567 1755 1837 1824 Celsum
1905 1778 2037 1823 non
2106 1762 2361 1824 tantum
2430 1755 2733 1824 Caesurit

517 1863 714 1940 gesta
777 1861 1274 1943 conscripsisse,
1335 1861 1460 1926 sed
1525 1867 1595 1926 et
1650 1859 2169 1926 Commentarios
2227 1857 2523 1925 Caesaris
2578 1857 2723 1926 sivo
2826 1880 2833 1888 ·

521 1959 928 2024 recensuisse
992 1960 1134 2025 sive
1185 1962 1584 2046 corrupisse.
1692 1960 1885 2028 Certe
1932 1963 2001 2027 in
2051 1960 2207 2027 MS.
2257 1981 2409 2026 meo
2454 1959 2727 2028 caesam

528 2059 882 2152 Hirtioquc
925 2067 1022 2128 ter
1053 2063 1277 2128 Julius
1315 2061 1785 2131 Constantinus
1812 2063 1966 2130 VC.
1993 2062 2272 2148 legitur!
2359 2061 2534 2144 Ergo
2562 2079 2739 2126 vero.

524 2161 738 2230 fateor
785 2182 892 2228 me
947 2165 1277 2250 ejusmodi
1327 2163 1511 2232 Celsi
1563 2166 1913 2232 editionem
1969 2185 2079 2230 an.
2126 2177 2722 2228 croccocnxxm.

521 2265 791 2345 factam,
847 2267 1154 2350 quamvis
1211 2267 1446 2333 sedulo
1491 2270 1562 2334 in
1610 2266 2047 2332 celeberrimis
2090 2253 2528 2328 Bibliothecis
2566 2281 2730 2348 per-2

526 2371 842 2454 quisitam
893 2387 1024 2432 non
1080 2368 1448 2451 invenisse3
1521 2387 1631 2432 me
1697 2371 1915 2431 tamen
1966 2370 2209 2451 praeter
2260 2367 2723 2433 auctoritatem

525 2470 898 2538 doctissimi
923 2470 1050 2536 viri
1097 2491 1250 2554 quae
1277 2470 1510 2535 merito
1545 2470 1763 2552 mag-ni
1792 2471 1879 2534 ab
1906 2469 2213 2533 omnibus
2254 2468 2561 2535 facienda
2594 2474 2720 2549 est,

521 2572 596 2636 in
641 2590 790 2637 eam
837 2570 1214 2655 opinionem
1259 2570 1501 2635 adduci
1547 2574 1893 2635 venustate
1942 2569 2119 2654 stylix
2140 2575 2217 2636 ut
2260 2569 2544 2650 credam,
2598 2570 2723 2635 hos

527 2692 700 2758 quos
747 2675 816 2739 in
829 2686 845 2701 ·
859 2674 1166 2739 manibus
1209 2673 1556 2753 habemus,
1608 2673 1929 2757 genuinos
1978 2692 2125 2739 esse
2182 2673 2479 2741 Caesaris
2522 2671 2722 2738 Com-

525 2775 898 2855 mentarios,
943 2774 1028 2840 de
1071 2776 1316 2860 quibus
1361 2780 1505 2841 tum
1554 2774 1816 2855 Cicero,
1862 2781 2001 2840 tum
2046 2776 2313 2841 Hirtius
2358 2782 2499 2841 tum
2538 2775 2723 2841 lucu-

524 2879 702 2943 lenta
727 2879 932 2944 edunt
965 2879 1363 2945 testimonia.
1454 2877 1641 2943 Nihil
1678 2878 1852 2942 enim
1882 2876 2017 2943 illis
2044 2878 2307 2956 tersius,
2348 2876 2511 2942 nihil
2536 2896 2725 2942 mun-

523 2981 694 3059 dius,
735 2980 898 3045 nibil
923 2978 1234 3045 latinum
1261 2981 1495 3064 magis,
1541 2984 1641 3059 ut,
1686 2982 1746 3045 si
1770 2980 1933 3045 nulli
1966 2978 2203 3046 fuisset
2228 2980 2431 3046 etiam
2457 2979 2721 3063 paginae

525 3082 987 3167 praescriptum
1015 3078 1304 3146 Caesaris
1331 3100 1593 3161 nomen,
1628 3088 1845 3147 tamen
1876 3102 1919 3147 a
1948 3081 2206 3147 Latinae
2235 3082 2477 3163 linguae
2510 3080 2725 3143 scien·-

525 3184 706 3249 tibus
759 3182 911 3247 illos
967 3178 1258 3247 Caesaris
1315 3202 1462 3249 esse
1515 3185 1891 3248 nullatenus
1946 3182 2233 3246 dubitari
2290 3184 2540 3264 posset.
2642 3176 2725 3243 In

527 3302 804 3349 errorem
842 3282 1138 3348 homines
1178 3282 1578 3350 induxerunt
1606 3284 1811 3349 MSS..
1860 3282 2147 3366 quidam·
2160 3282 2332 3347 tituli
2359 3298 2531 3364 quos
2556 3279 2722 3345 indi—

531 3404 682 3450 care
728 3404 861 3449 non
909 3386 1177 3468 pigebit,
1235 3392 1314 3449 ut
1355 3384 1518 3451 ferat
1558 3385 1854 3451 eruditus
1900 3386 2052 3467 ipse
2098 3384 2341 3448 Lector
2376 3381 2723 3467 judicium.

534 3486 760 3552 MSR.
809 3487 958 3553 cod.
1010 3487 1202 3571 cujus
1246 3487 1464 3571 prima
1507 3488 1755 3573 pagina
1797 3485 2063 3552 Claudii
2108 3484 2391 3549 Puteani
2437 3485 2609 3569 ipsa,
2652 3490 2727 3551 ut

529 3582 804 3666 vi'detur,
847 3589 1062 3672 ipsius
1105 3607 1304 3653 manu
1357 3590 1677 3673 inscripta
1713 3594 1817 3654 est
1852 3588 2135 3666 nomine,
2182 3588 2353 3653 hunc
2396 3586 2596 3653 habet
2640 3587 2725 3652 ti-

532 3691 738 3756 tulum
789 3691 1004 3755 rubris
1049 3690 1255 3755 literis
1304 3692 1686 3775 ascriptum,
1724 3690 1821 3775 {J
1827 3690 1941 3754 ulii
1987 3688 2281 3755 Caesaris
2310 3688 2725 3754 Commenta-

530 3792 774 3857 riorum
827 3792 986 3857 belli
1039 3791 1286 3858 Gallici
1339 3792 1508 3858 liber
1573 3792 1829 3877 primus
1884 3791 2137 3875 incipit,
2208 3788 2427 3855 Julius
2488 3786 2723 3852 Celsus

532 3890 1034 3960 Constantinus
1081 3892 1208 3959 Vir
1257 3893 1679 3959 Clarissimus
1735 3890 2147 3958 emendavit?
2262 3889 2451 3956 Alter
2498 3882 2720 3951 MSR.

534 3992 748 4087 codex
793 3997 910 4080 qui
953 3998 1157 4063 libros
1205 4000 1458 4062 tantum
1511 3994 1594 4061 de
1648 3994 1827 4063 bello
1872 3992 2140 4061 Gallico
2195 3990 2395 4057 habet
2444 3991 2721 4071 septem,
