3175 4882
1335 293 1760 372 rnatu-rio.
2608 283 2653 346 5

446 443 770 529 agendum
791 451 804 458 '
825 440 1170 520 excitavit,
1231 446 1300 507 et
1346 441 1657 506 omnibus
1674 453 1685 468 ·
1702 440 1951 506 artibus
1993 438 2338 504 Gallorum
2362 439 2649 506 'suorum
2740 501 2747 508 .

447 547 737 630 posteris-
750 542 1018 626 Regem
1039 541 1364 627 'providet
1407 548 1608 626 quam
1648 543 2226 625 sapientissimum,
2256 561 2459 625 quam
2510 563 2653 608 eru·

447 646 870 724 ditissimum,
895 655 1096 729 quam
1120 647 1502 722 maximum,
1535 663 1610 710 se
1639 643 1921 727 denique
1940 661 2142 728 quam
2168 643 2650 726 dignissimum3

449 755 518 814 et
541 749 669 814 hac
695 746 1115 830 providentia
1140 745 1332 820 filios,
1341 752 1407 812 et
1433 751 1721 830 nepotes·
1738 751 2024 822 nostros,
2060 750 2134 810 ut
2167 763 2295 809 nos
2324 751 2649 828 praesente

439 849 604 914 beat
643 847 988 930 regimine3
1033 846 1118 912 de
1156 866 1292 931 quo
1339 855 1541 930 quam
1580 847 1667 911 de
1695 857 2031 931 quoquam
2058 864 2396 930 nunquam
2424 847 2649 914 verius

359 989 378 1001 ε
449 949 736 1016 dictum:

577 1076 588 1086 ·
709 1045 802 1112 Et
833 1070 960 1135 spes
983 1058 1046 1114 'et
1077 1047 1242 1114 ratio
1275 1047 1615 1116 studiorum
1639 1047 1989 1115 in'Caesare
2016 1058 2281 1114 tantum.

711 1147 896 1242 Solus
923 1148 1084 1215 enim
1114 1150 1315 1215 tristes
1343 1149 1458 1216 Imc
1490 1159 1844 1236 tempestate
1878 1148 2202 1216 Comoena's
2377 1179 2387 1188 ·

711 1247 1026 1337 Respexit.
1443 1261 1450 1268 ’
1742 1253 2050 1320 Juvenal.
2078 1251 2220 1318 sat.
2256 1255 2389 1316 v'11.

451 1349 538 1417 Id
577 1353 880 1438 inprimis
911 1355 1118 1435 volui,
1171 1354 1471 1420 Candide
1513 1354 1781 1434 Lector,
1828 1355 2091 1420 nescius
2134 1374 2219 1418 ne
2244 1373 2464 1419 esses:
2496 1348 2649 1418 ‘tum

451 1453 534 1519 de
589 1454 884 1523 Auctore
927 1457 1128 1522 etiam
1171 1457 1406 1522 horum
1455 1455 2083 1522 Commentariorum
2130 1456 2329 1521 velim
2390 1461 2453 1521 te
2507 1457 2649 1521 fieri

454 1559 818 1624 certiorem.
1255 1578 1260 1586 ·

471 1715 478 1724 .
533 1657 886 1725 Suetonius
923 1660 1076 1725 libri
1123 1659 1207 1726 de
1239 1662 1378 1726 vita
1425 1660 1725 1727 Caesaris
1774 1679 1931 1746 cup.
1962 1660 2071 1726 56.
2144 1659 2407 1724 Plinius
2447 1656 2651 1740 epist.

451 1775 678 1826 xvur.
741 1761 984 1826 Strabo
1010 1762 1126 1828 lib.
1161 1780 1262 1828 xv.
1318 1762 1716 1830 Plutarchus
1743 1765 1815 1828 in
1842 1762 2133 1840 Caesare,
2178 1759 2297 1824 sed
2324 1766 2390 1825 et
2416 1757 2652 1823 Cicero

453 1866 520 1925 et
567 1859 828 1924 Hirtius
871 1863 1271 1945 scripserunt
1319 1861 1660 1930 Caesarem
1702 1865 2047 1950 reliquisse
2106 1882 2322 1928 rerum
2384 1862 2653 1926 suarum

453 1959 999 2025 commentarios.
1087 1960 1288 2040 Quod
1321 1969 1390 2028 et
1419 1964 1677 2048 Syllam
1708 1965 1951 2030 fecisse
1968 1970 2037 2030 et
2064 1962 2359 2030 Caesaris
2386 1981 2653 2027 succes-

453 2079 668 2128 sorem
696 2060 1074 2146 Augustum
1099 2063 1438 2129 memoriae
1468 2065 1764 2148 prodidit
1801 2065 2217 2131 Plutarchus.
2304 2063 2653 2128 Commen-

451 2163 655 2228 tarios
695 2167 914 2228 autem
940 2164 1100 2248 quia
1127 2165 1258 2228 sibi
1288 2163 1572 2249 quisque
1596 2165 1849 2240 scribit,
1894 2184 2026 2229 non
2052 2165 2303 2249 populo
2332 2168 2450 2228 aut
2492 2182 2659 2246 pos--

451 2267 630 2345 teris,
657 2265 1092 2350 negligentius
1123 2265 1382 2333 scribit.
1471 2265 1657 2332 Hinc
1687 2272 1793 2332 est
1816 2266 1995 2352 quod
2028 2287 2157 2332 non
2181 2281 2653 2350 usquequaque

455 2351 622 2431 adeo
649 2367 925 2453 perfecti
951 2374 1123 2448 sunt,
1171 2374 1245 2434 ut
1269 2368 1432 2434 nihil
1457 2368 1891 2435 desideretur.
1978 2368 2175 2434 Adde
2202 2366 2388 2453 quod
2414 2373 2518 2432 est
2560 2368 2652 2431 'ab

455 2466 678 2534 Hirtio
733 2470 804 2533 in
860 2468 1266 2536 Praefatione
1310 2470 1428 2537 lib.
1467 2486 1635 2537 vm.
1692 2478 2294 2549 commemoratum,
2344 2469 2542 2535 facile
2586 2475 2657 2535 et

455 2569 750 2637 celeriter
795 2590 914 2636 eos
954 2571 1344 2650 confecisse,
1395 2572 1464 2637 in
1505 2572 1681 2657 ipsis
1726 2572 2265 2659 expeditionibus
2310 2590 2543 2655 nempe
2588 2575 2656 2635 et

451 2669 726 2755 singulis
753 2672 1012 2751 diebus,
1063 2676 1140 2736 ut
1166 2672 1330 2736 fiunt
1354 2673 1827 2757 ephemerides,
1866 2694 2000 2757 quo
2028 2676 2292 2739 nomine
2338 2673 2655 2737 donantur

449 2786 496 2836 a
521 2772 904 2853 Plutarcho,
933 2775 1126 2858 quasi
1155 2773 1348 2839 dicas
1378 2773 1620 2852 diaria,
1648 2792 1773 2839 nec
1799 2774 1898 2838 illi
1922 2793 2393 2855 recognoscere
2421 2779 2655 2857 postea

449 2874 802 2937 vacavisse
841 2874 1304 2957 properantius
1332 2873 1573 2952 editos,
1622 2879 1695 2938 ut
1730 2878 1914 2957 patet
1940 2893 2091 2937 cum
2119 2893 2209 2937 ex
2246 2874 2471 2937 multis
2512 2879 2655 2937 tum

451 2973 638 3055 quod
663 2974 735 3037 in
752 2971 1064 3039 laudibus
1086 2973 1172 3038 Τ.
1203 2974 1480 3039 labieni
1505 2975 1754 3040 ibidem
1778 2973 2197 3053 immodicus,
2222 2993 2389 3058 quas
2417 2980 2659 3059 postea

453 3182 570 3241 aut
594 3182 930 3243 extenuat.
1021 3176 1178 3243 Hos
1207 3176 1757 3259 Commentarios,
1806 3180 1967 3263 quia
1992 3180 2195 3264 paulo
2241 3180 2458 3245 minus
2506 3178 2655 3243 dili—

453 3282 674 3359 genter
724 3278 1084 3363 conscripti
1131 3280 1455 3360 videntur,
1503 3280 1890 3365 abjudicant
1933 3280 2189 3348 Caesari
2234 3280 2529 3366 quidam,
2580 3288 2657 3347 ut

311 3432 344 3449 ,
455 3376 852 3443 Franciscus
901 3379 1218 3447 Floridus
1267 3380 1558 3447 Sabinus
1606 3387 1671 3447 et
1717 3382 2102 3449 Ludovicus
2148 3383 2404 3463 Carrio,
2448 3390 2523 3448 et
2570 3383 2651 3448 de

452 3480 680 3543 horum
705 3478 1020 3545 librorum
1059 3480 1353 3549 Auctore
1377 3485 1759 3569 scrupulum
1784 3486 1977 3551 nobis
2004 3486 2328 3569 injiciunt,
2376 3504 2653 3568 quorum

435 3580 620 3643 'alter
666 3580 873 3645 libros
923 3587 1055 3647 tres
1097 3584 1180 3649 de
1221 3585 1399 3651 bello
1443 3587 1631 3652 civili
1680 3585 1969 3652 Gaesaris
2014 3606 2163 3651 esse
2210 3592 2428 3669 negat,
2488 3586 2653 3652 alter

457 3678 982 3747 Commentarios
1009 3684 1092 3749 de
1125 3686 1298 3751 bello
1335 3686 1628 3768 Gallico,
1678 3688 1725 3753 J
1728 3690 1865 3754 ulio
1912 3687 2111 3753 Celso
2154 3686 2419 3751 cuidam
2448 3690 2655 3752 ascri-

453 3781 702 3847 bendos
745 3788 955 3866 putat.
1055 3786 1204 3852 Imo
1250 3794 1320 3853 et
1363 3786 1637 3874 Lipsius
1682 3790 1969 3856 nonnihil
2014 3789 2295 3865 dubitat,
2346 3788 2521 3872 styli,
2580 3795 2655 3853 ut

453 3881 736 3963 videtur,
783 3884 1190 3952 invenustate
1233 3896 1564 3972 permotus
1603 3892 1801 3956 simul
1831 3897 1903 3957 et
1946 3891 2327 3957 auctoritate
2360 3890 2649 3955 virorum

453 3983 708 4071 aliquot
749 3985 1113 4068 doctorum,
1165 3994 1242 4057 ut
1267 3993 1406 4055 erat
1449 3997 1693 4076 captus
1720 4010 1948 4057 eorum
1984 3990 2104 4075 qui
2149 3995 2299 4057 ante
2334 3990 2653 4059 dueentos
