3175 4882
1330 271 1831 325 cousrtch.
2573 276 2681 325 vu

2552 414 2688 483 Peg.

470 534 519 601 J
522 533 760 618 osephi
788 530 1111 616 scaligeri
1142 530 1408 601 Nofitia
1434 531 1680 599 Galliae
1846 575 1863 593 .
2403 574 2422 593 .
2509 530 2684 597 1999

473 650 521 715 J
524 650 759 734 osephl
801 649 983 714 Justi
1039 648 1385 733 Scaligeri‚
1435 650 1483 715 J
1486 650 1577 714 ul
1639 647 1818 715 Caes.
1863 649 1982 727 fil„
2050 647 2138 713 ad
2191 647 2426 715 elaris-

651 768 891 833 simum
936 767 1173 842 virum,
1232 766 1521 831 Paulum
1566 764 1656 831 G.
1688 764 1767 828 F.
1795 764 1880 829 P.
1913 764 2007 830 N.
2069 764 2418 845 Merulam,

650 888 993 974 Epistola:
1077 885 1375 971 ejusdem
1421 905 1572 951 cum
1621 884 1956 969 superiore
1995 883 2286 949 diatriba
2339 884 2426 948 de

650 1004 899 1071 Galliae
929 1004 1194 1070 Nofitia
1223 1005 1587 1087 argumenti
1839 1048 1856 1064 .
1897 1030 1938 1047 ·-
2404 1052 2420 1068 .
2509 1004 2684 1071 2019

478 1122 740 1190 Notitia
767 1123 1092 1189 Literaria
1120 1123 1203 1188 de
1232 1120 1312 1186 Ο.
1336 1121 1384 1186 J
1386 1122 1520 1185 ulio
1549 1119 1844 1201 Caesare,
1873 1142 1964 1186 ex
1993 1120 2118 1187 Ed.
2124 1050 2420 1206 ‘Bipontss

649 1244 825 1308 1803
992 1292 1007 1307 .
1274 1289 1289 1306 .
1563 1290 1580 1305 .
1845 1291 1862 1307 .
2127 1286 2144 1303 .
2405 1290 2421 1305 .
2509 1241 2684 1307 2027

478 1358 825 1426 Recensus
854 1360 1231 1425 Editionum
1258 1358 1335 1423 Ο.
1361 1359 1409 1424 J
1410 1360 1529 1425 ulu
1558 1359 1871 1438 Caesariss,
1903 1360 2156 1425 auctior
2175 1358 2404 1425 Fabri-

652 1481 844 1543 ciano
870 1484 936 1543 et
962 1479 1031 1543 in
1056 1497 1125 1541 v.
1154 1483 1385 1545 aetates
1414 1478 1712 1561 digestus
1832 1526 1850 1543 .
2017 1523 2020 1531 -
2121 1526 2134 1542 .
2403 1522 2420 1539 .
2507 1476 2682 1543 2045

480 1594 825 1663 Recensus
854 1597 1179 1665 Codicum
1270 1646 1285 1661 .
1550 1647 1565 1663 .
1834 1646 1850 1661 .
2116 1642 2132 1659 .
2395 1644 2413 1661 .
2501 1596 2678 1661 2084

476 1712 696 1779 Index
746 1714 992 1781 Rerum
1034 1716 1562 1782 memorabilium
1606 1734 1762 1801 quae
1811 1715 1878 1780 in
1922 1712 2442 1779 Commentariis·

652 1831 943 1927 Caesaris
971 1835 1285 1901 habentur
1618 1882 1634 1898 .
1813 1878 1828 1893 .
2007 1879 2020 1894 .
2201 1881 2217 1897 .
2398 1882 2414 1898 .
2659 1837 2684 1898 i

482 1947 806 2014 Nomina-
834 1950 1261 2035 Populorum,
1324 1951 1770 2037 oppidorum,
1834 1950 2246 2031 Fluviorum,
2299 1954 2422 2018 διο.

654 2088 808 2152 quae
843 2070 1017 2153 apud
1050 2068 1389 2133 Caesarem
1420 2070 1854 2153 reperiuntur,
1883 2089 1928 2133 a
1953 2068 2027 2133 S.
2057 2066 2328 2133 Clarkio
2356 2069 2426 2133 in

656 2187 879 2253 ordine
908 2188 1333 2273 alphabetico
1361 2186 1623 2271 digesta
1825 2231 1842 2247 .
2108 2232 2124 2248 .
2386 2235 2402 2251 .
2507 2190 2682 2253 xxxi

478 2304 699 2371 Index
724 2305 1099 2375 Latinitatis
1326 2350 1343 2368 .
1519 2350 1535 2365 .
1717 2355 1733 2371 .
1916 2354 1933 2370 .
2077 2332 2084 2339 ·
2113 2350 2130 2367 .
2307 2351 2325 2370 .
2412 2278 2686 2369 mffii

482 2457 654 2472 —--
707 2422 1079 2488 Verborum
1446 2467 1462 2484 .
1728 2470 1745 2487 .
2021 2469 2039 2487 .
2303 2469 2320 2484 .
2508 2421 2680 2486 lxxv
