3175 4882
430 340 442 352 ,
546 293 592 356 4
1443 295 1856 349 samario.

543 449 680 515 nati
709 445 889 532 pleni
915 465 1127 512 rerum
1155 443 1507 512 alienarum
1536 465 1581 510 a
1606 465 1675 510 re
1700 441 2065 531 proposita,
2093 446 2293 510 vacui
2319 433 2735 531 propi-iarum

546 555 617 616 et
658 549 745 614 ad
781 549 1079 614 locorum
1120 545 1556 628 cognitionem
1593 545 1997 624 facientium,
2058 546 2174 630 qui
2216 545 2383 612 adeo
2426 568 2738 632 magnam

546 655 618 718 in
660 651 901 715 molem
949 651 1397 725 excreverunt,
1442 667 1562 712 nec
1591 647 1711 712 illa
1735 646 1907 711 mole
1949 647 2307 713 lectoribus
2334 650 2739 732 profuerunt,

547 753 668 820 sed
719 753 943 836 potius
987 749 1358 826 obfuerunt,
1417 747 1574 812 dum
1630 753 1887 833 tempus
1941 748 2142 812 breve
2196 754 2262 812 et
2315 750 2740 834 irreparabile

547 852 726 945 quod
769 850 1045 933 singulis
1089 853 1212 926 est,
1257 854 1327 913 et
1366 848 1563 913 bonis
1592 848 1663 912 in
1690 845 2095 912 Auctoribus
2122 850 2414 934 antiquis
2440 850 2738 934 legendis

545 951 924 1037 ponendum
977 949 1215 1027 fuerat,
1265 949 1336 1013 in
1381 953 1767 1013 novatorum
1815 950 2059 1013 assutis
2110 949 2196 1012 ad
2240 955 2463 1014 vetera
2512 972 2740 1018 monu-

545 1062 768 1120 menta
828 1055 1089 1119 la'ciniis
1145 1051 1520 1117 evolvendis
1572 1050 1823 1115 infelici
1881 1069 2200 1116 successu
2264 1053 2440 1117 maie
2494 1057 2743 1122 teritur.

547 1153 680 1219 Cui
722 1155 902 1220 malo
936 1172 1275 1220 occurrere
1316 1153 1386 1216 in
1429 1152 1709 1235 gratiam
1759 1151 2153 1216 nobilissimi
2192 1153 2299 1216 sui
2339 1155 2583 1220 alumni
2626 1177 2741 1243 ag-

547 1277 812 1340 gressus
839 1255 1200 1342 praeclarus
1231 1252 1512 1318 Carolus
1536 1252 1621 1317 de
1646 1247 1896 1318 Sancta
1930 1251 2172 1318 Maura
2218 1251 2381 1319 Dux
2428 1255 2742 1323 Montau·

547 1358 788 1434 serius,
842 1355 1166 1420 Ludovici
1214 1353 1536 1437 Delphini
1568 1355 1893 1432 nutritiuS,
1939 1355 2207 1420 brevem
2253 1354 2740 1440 interpretatio-

548 1475 700 1521 nem
727 1459 984 1522 curavit
1008 1455 1152 1520 fieri
1177 1455 1493 1531 locorum,
1525 1474 1799 1537 quorum
1826 1459 1941 1519 aut
1960 1475 2161 1521 voces
2190 1457 2492 1522 obscurae
2522 1465 2745 1525 essent

550 1564 666 1624 aut
693 1561 1062 1633 contextus,
1112 1561 1180 1621 et
1205 1575 1434 1620 earum
1468 1575 1681 1618 rerum
1708 1556 2215 1632 annotationem,
2260 1576 2410 1639 quoe
2456 1556 2744 1626 illustra?

547 1663 692 1724 rent
716 1663 938 1742 partes
981 1655 1085 1720 vel
1109 1676 1325 1720 rerum
1353 1661 1685 1737 gestarum
1723 1659 2068 1732 vetustate,
2097 1655 2460 1721 vel-horum
2485 1677 2743 1723 morum

549 1762 635 1825 ab
692 1760 983 1843 antiquis
1033 1755 1568 1822 dissimilitudine
1621 1757 1883 1837 ignotas
1932 1755 2041 1820 vel
2096 1756 2358 1823 dubias.
2474 1759 2558 1824 In
2614 1762 2743 1828 hoc

550 1859 844 1924 Auctore
893 1857 1496 1940 interpretationum
1543 1857 1763 1920 minus
1810 1857 2101 1939 positum
2145 1863 2271 1936 est,
2317 1861 2479 1942 quia
2522 1861 2592 1925 in
2634 1881 2741 1942 eo,

552 1959 733 2044 quod
777 1943 860 2047 de
889 1957 1246 2028 Aristotele
1285 1955 1455 2022 dicit
1499 1954 1759 2036 Cicero,
1806 1957 2049 2024 flumen
2097 1961 2407 2026 orationis
2452 1981 2742 2044 aureum,

547 2066 854 2128 notarum
881 2063 1056 2125 certe
1081 2059 1254 2144 plus,
1284 2059 1445 2143 quia
1468 2077 1685 2122 rerum
1702 2059 1773 2124 in
1798 2060 2023 2125 multis
2051 2061 2361 2125 nonnulla
2384 2067 2486 2126 est
2506 2065 2747 2129 obscu-

547 2159 738 2226 ritas.
827 2159 985 2226 Hoc
1014 2160 1074 2224 si
1101 2159 1551 2244 praestitimus,
1599 2159 1779 2242 quod
1820 2166 1890 2224 et
1914 2167 2211 2224 nostrum
2242 2161 2591 2224 consilium
2618 2163 2746 2230 fuit

550 2268 620 2328 et
664 2253 1198 2347 praestantissimi
1239 2259 1454 2324 Ducis
1487 2259 1942 2336 Montauserii,
1994 2266 2099 2324 est
2134 2259 2315 2344 quod
2348 2259 2445 2325 illi
2474 2261 2744 2345 debeas,

551 2361 734 2445 quod
781 2366 844 2424 te
871 2362 1014 2445 ejus
1041 2358 1300 2424 fructus
1327 2359 1606 2424 voluerit
1628 2377 1777 2423 esse
1814 2359 2205 2444 participem
2230 2379 2427 2445 quem
2453 2361 2747 2429 serenis-

553 2462 706 2525 simi
753 2459 1086 2541 Principis
1134 2458 1476 2541 proprium
1517 2476 1667 2522 esse
1708 2460 2128 2541 oportuerat,
2110 2480 2127 2497 ·
2170 2468 2354 2529 ratus
2398 2464 2743 2550 Principes

549 2561 622 2624 in
647 2560 889 2626 bonum
925 2558 1265 2642 publicum
1288 2564 1480 2623 natos
1507 2576 1633 2623 sua
1676 2560 1901 2624 omnia
1949 2562 2301 2629 commoda
2346 2567 2417 2631 in
2460 2565 2534 2630 id
2579 2568 2745 2631 libe-

549 2660 769 2725 raliter
793 2658 1084 2724 conferre
1122 2658 1383 2739 debere,
1434 2680 1589 2744 quae
1626 2663 1827 2728 etiam
1870 2662 2135 2728 illorum
2170 2668 2437 2750 propria
2475 2671 2542 2731 et
2564 2668 2747 2734 velut

551 2762 917 2827 domestica
947 2762 1265 2827 videntur.
1356 2760 1514 2828 Non
1558 2783 1795 2848 parum
1840 2764 2045 2829 etiam
2085 2764 2288 2830 debes
2332 2766 2745 2834 serenissimi

553 2864 866 2949 Delphini
905 2864 1314 2950 Praeceptori
1361 2865 1747 2948 dignissimo
1790 2866 2055 2931 Jacobo
2104 2868 2403 2952 Benigno
2452 2868 2743 2935 Bossue-

544 2966 648 3030 tio
677 2962 1114 3029 Condomensi
1141 2966 1470 3049 quondam
1499 2965 1867 3052 Episcopo,
1912 2969 2026 3052 qui
2060 2968 2131 3033 in
2176 2970 2547 3036 excolendo
2582 2970 2747 3038 tanti

553 3062 866 3146 discipuli
892 3065 1151 3146 ingenio
1189 3066 1566 3148 diligentem
1596 3086 1867 3151 operam
1905 3068 2175 3132 sedulus
2219 3070 2575 3151 impendit3
2616 3088 2745 3135 nec

553 3183 792 3248 parum
847 3164 1048 3229 etiam
1106 3166 1280 3229 omni
1349 3166 1744 3232 eruditionis
1816 3187 2046 3251 genere
2103 3168 2469 3232 clarissimo
2542 3168 2743 3234 Petro

553 3264 826 3329 Danieli
865 3264 1139 3342 Huetio,
1173 3268 1316 3349 qui,
1341 3268 1495 3331 huic
1533 3270 2081 3345 succenturiatum
2118 3287 2245 3333 nos
2282 3268 2354 3332 in
2396 3270 2523 3333 hoc
2548 3287 2745 3354 opere

551 3370 851 3431 versatos
903 3384 1026 3429 sua
1073 3369 1402 3452 sapientia
1449 3369 1647 3447 rexit,
1709 3368 1857 3434 face
1904 3374 2226 3454 praetenta
2266 3372 2392 3435 iter
2434 3372 2745 3453 ostendit,

553 3472 839 3533 errantes
877 3466 1258 3550 aliquando,
1305 3474 1381 3533 ut
1424 3468 1522 3547 fit,
1569 3470 1642 3535 in
1684 3470 1867 3536 viam
1903 3471 2204 3553 reduxit3
2247 3474 2382 3552 cui,
2429 3474 2745 3559 quicquid

553 3567 663 3631 hic
691 3573 792 3632 est
832 3570 1176 3652 optimum,
1219 3578 1572 3655 acceptum
1616 3571 1995 3653 referimus3
2039 3574 2101 3638 si
2129 3574 2291 3657 quid
2330 3576 2501 3639 enim
2526 3576 2745 3641 minus

551 3667 819 3746 bonum,
879 3667 1005 3732 hoc
1059 3673 1268 3735 totum
1325 3677 1617 3737 nostrum
1672 3692 1817 3737 esse
1869 3674 2103 3741 fateor.
2234 3674 2394 3753 Sed,
2447 3674 2745 3741 Candide

553 3766 816 3847 Lector,
895 3768 1166 3851 Optimo
1233 3770 1406 3855 Regi
1479 3772 1823 3839 Ludovico
1892 3774 2106 3842 XIV.
2170 3776 2500 3845 Ludovici
2556 3776 2745 3841 Sere-

553 3868 812 3940 nissimi
856 3868 1171 3955 Delphini
1228 3876 1480 3958 parenti
1537 3876 1705 3941 bene
1760 3896 2055 3961 precare,
2102 3878 2221 3964 qui
2272 3898 2396 3945 nos
2450 3876 2745 3941 honestis

555 3968 918 4053 propositis
944 3976 1240 4058 praemiis
1279 3976 1370 4042 ad
1411 3978 1542 4043 hoc
1590 3984 2186 4065 quantumcumque
2232 3985 2339 4046 est
2380 3996 2555 4064 opus
2592 3994 2743 4063 per·
